@article{nedelec,
    title={Collective Langevin dynamics of flexible cytoskeletal fibers},
    author={Nedelec, Francois and Foethke, Dietrich},
    journal={New Journal of Physics},
    volume={9},
    number={11},
    pages={427},
    year={2007},
    publisher={IOP Publishing}
}
@article{ott,
  title={Measurement of the persistence length of polymerized actin using fluorescence microscopy},
  author={Ott, A and Magnasco, M and Simon, A and Libchaber, A},
  journal={Physical Review E},
  volume={48},
  number={3},
  pages={R1642},
  year={1993},
  publisher={APS}
}
