@article{burov2013,
    title={Distribution of directional change as a signature of complex dynamics},
    author={Burov, Stanislav and Tabei, S.M. Ali and Huynh, Toan and Murrell, Michael P. and Philipson, Louis H. and
        Rice, Stuart A. and Gardel, Margaret L. and Scherer, Norbert F. and Dinner, Aaron R.},
    journal={Proceedings of the National Academy of Sciences},
    volume={110},
    number={49},
    pages={19689--19694},
    year={2013},
    publisher={National Acad Sciences}
}
@article{finer1994,
    title={Single myosin molecule mechanics: piconewton forces and nanometre steps},
    author={Finer, Jeffrey T. and Simmons, Robert M. and Spudich, James A. and others},
    journal={Nature},
    volume={368},
    number={6467},
    pages={113--119},
    year={1994}
}
@article{evans1984,
    title={Nonlinear-response theory for steady planar Couette flow},
    author={Evans, Denis J. and Morriss, G.P.},
    journal={Physical Review A.},
    volume={30},
    number={3},
    pages={1528},
    year={1984},
    publisher={APS}
}
@article{kim2009,
    title={Computational analysis of viscoelastic properties of crosslinked actin networks},
    author={Kim, Taeyoon and Hwang, Wonmuk and Lee, Hyungsuk and Kamm, Roger D.},
    year={2009}
}
@article{koenderink2006,
    title={High-frequency stress relaxation in semiflexible polymer solutions and networks},
    author={Koenderink, G.H. and Atakhorrami, M. and MacKintosh, F.C. and Schmidt, C.F.},
    journal={Physical Review Letters},
    volume={96},
    number={13},
    pages={138307},
    year={2006},
    publisher={APS}
}
@article{gittes1998,
    title={Dynamic shear modulus of a semiflexible polymer network},
    author={Gittes, F. and MacKintosh, F.C.},
    journal={Physical Review E},
    volume={58},
    number={2},
    pages={R1241},
    year={1998},
    publisher={APS}
}
@article{lin2010,
    title={Origins of elasticity in intermediate filament networks},
    author={Lin, Yi-Chia and Yao, Norman Y. and Broedersz, Chase P. and Herrmann, Harald and MacKintosh, Fred C. and
        Weitz, David A.},
    journal={Physical Review Letters},
    volume={104},
    number={5},
    pages={058101},
    year={2010},
    publisher={APS}
}
@article{schwarzl1968,
    title={Analysis of relaxation measurements},
    author={Schwarzl, F.R. and Struik, L.C.E.},
    journal={Advances in molecular relaxation processes},
    volume={1},
    number={3},
    pages={201--255},
    year={1968},
    publisher={Elsevier}
}
@article{bell1978,
    title={Models for the specific adhesion of cells to cells},
    author={Bell, George I.},
    journal={Science},
    volume={200},
    number={4342},
    pages={618--627},
    year={1978},
    publisher={American Association for the Advancement of Science}
}
@article{butler2002,
    title={Traction fields, moments, and strain energy that cells exert on their surroundings},
    author={Butler, James P. and Toli{\'c}-N{\o}rrelykke, Iva Marija and Fabry, Ben and Fredberg, Jeffrey J.},
    journal={American Journal of Physiology-Cell Physiology},
    volume={282},
    number={3},
    pages={C595--C605},
    year={2002},
    publisher={Am Physiological Soc}
}
@article{kron1986,
    title={Fluorescent actin filaments move on myosin fixed to a glass surface},
    author={Kron, Stephen J. and Spudich, James A.},
    journal={Proceedings of the National Academy of Sciences},
    volume={83},
    number={17},
    pages={6272--6276},
    year={1986},
    publisher={National Acad Sciences}
}
@article{guo2006,
    title={Mechanics of actomyosin bonds in different nucleotide states are tuned to muscle contraction},
    author={Guo, Bin and Guilford, William H.},
    journal={Proceedings of the National Academy of Sciences},
    volume={103},
    number={26},
    pages={9844--9849},
    year={2006},
    publisher={National Acad Sciences}
}
@article{stam2015,
    title={Isoforms Confer Characteristic Force Generation and Mechanosensation by Myosin II Filaments},
    author={Stam, Samantha and Alberts, Jon and Gardel, Margaret L. and Munro, Edwin},
    journal={Biophysical journal},
    volume={108},
    number={8},
    pages={1997--2006},
    year={2015},
    publisher={Elsevier}
}
@article{erdmann2012,
    title={Stochastic force generation by small ensembles of myosin II motors},
    author={Erdmann, Thorsten and Schwarz, Ulrich S.},
    journal={Physical Review Letters},
    volume={108},
    number={18},
    pages={188101},
    year={2012},
    publisher={APS}
}
@book{rubinstein,
    title={Polymer Physics},
    author={Rubinstein, Michael and Colby, Ralph H.},
    year={2003},
    publisher={OUP Oxford}
}
@article{placcais2009,
    title={Spontaneous oscillations of a minimal actomyosin system under elastic loading},
    author={Pla{\c{c}}ais, P-Y and Balland, M. and Gu{\'e}rin, T. and Joanny, J-F and Martin, P.},
    journal={Physical Review Letters},
    volume={103},
    number={15},
    pages={158102},
    year={2009},
    publisher={APS}
}
@article{walcott2012,
    title={Mechanical coupling between myosin molecules causes differences between ensemble and single-molecule
        measurements},
    author={Walcott, Sam and Warshaw, David M. and Debold, Edward P.},
    journal={Biophysical journal},
    volume={103},
    number={3},
    pages={501--510},
    year={2012},
    publisher={Elsevier}
}
@article{harris1993,
    title={Smooth and skeletal muscle myosin both exhibit low duty cycles at zero load in vitro.},
    author={Harris, David E. and Warshaw, D.M.},
    journal={Journal of Biological Chemistry},
    volume={268},
    number={20},
    pages={14764--14768},
    year={1993},
    publisher={ASBMB}
}
@article{wilhelm2003,
    title={Elasticity of stiff polymer networks},
    author={Wilhelm, Jan and Frey, Erwin},
    journal={Physical Review Letters},
    volume={91},
    number={10},
    pages={108103},
    year={2003},
    publisher={APS}
}
@article{head2003,
    title = {Distinct regimes of elastic response and deformation modes of cross-linked cytoskeletal and semiflexible
        polymer networks},
    author = {Head, D. A. and Levine, A. J. and MacKintosh, F. C.},
    journal = {Phys. Rev. E},
    volume = {68},
    issue = {6},
    pages = {061907},
    numpages = {15},
    year = {2003},
    month = {Dec},
    publisher = {American Physical Society},
    doi = {10.1103/PhysRevE.68.061907},
    url = {http://link.aps.org/doi/10.1103/PhysRevE.68.061907}
}
@article{mackintosh1995,
    title={Elasticity of semiflexible biopolymer networks},
    author={MacKintosh, F.C. and K{\"a}s, J. and Janmey, P.A.},
    journal={Physical Review Letters},
    volume={75},
    number={24},
    pages={4425},
    year={1995},
    publisher={APS}
}
@article{tharmann2007,
    title={Viscoelasticity of isotropically cross-linked actin networks},
    author={Tharmann, R. and Claessens, M.M.A.E. and Bausch, A.R.},
    journal={Physical Review Letters},
    volume={98},
    number={8},
    pages={088103},
    year={2007},
    publisher={APS}
}
@article{gardel2004,
    title={Elastic behavior of cross-linked and bundled actin networks},
    author={Gardel, M.L. and Shin, J.H. and MacKintosh, F.C. and Mahadevan, L. and Matsudaira, P. and Weitz, D.A.},
    journal={Science},
    volume={304},
    number={5675},
    pages={1301--1305},
    year={2004},
    publisher={American Association for the Advancement of Science}
}
@article{everaers1999,
    title={Dynamic fluctuations of semiflexible filaments},
    author={Everaers, R. and J{\"u}licher, F. and Ajdari, A. and Maggs, A.C.},
    journal={Physical Review Letters},
    volume={82},
    number={18},
    pages={3717},
    year={1999},
    publisher={APS}
}
@article{veigel2003,
    title={Load-dependent kinetics of force production by smooth muscle myosin measured with optical tweezers},
    author={Veigel, Claudia and Molloy, Justin E. and Schmitz, Stephan and Kendrick-Jones, John},
    journal={Nature Cell Biology},
    volume={5},
    number={11},
    pages={980--986},
    year={2003},
    publisher={Nature Publishing Group}
}
@article{odijk1983,
    title={The statistics and dynamics of confined or entangled stiff polymers},
    author={Odijk, Theo},
    journal={Macromolecules},
    volume={16},
    number={8},
    pages={1340--1344},
    year={1983},
    publisher={ACS Publications}
}
@article{harris1966,
    title={On polymer dynamics},
    author={Harris, R.A. and Hearst, J.E.},
    journal={The Journal of Chemical Physics},
    volume={44},
    number={7},
    pages={2595--2602},
    year={1966},
    publisher={AIP Publishing}
}
@article{daniels1952,
    title={XXI.â€”The Statistical Theory of Stiff Chains},
    author={Daniels, H.E.},
    journal={Proceedings of the Royal Society of Edinburgh. Section A. Mathematical and Physical Sciences},
    volume={63},
    number={03},
    pages={290--311},
    year={1952},
    publisher={Cambridge Univ Press}
}
@article{ott1993,
    title={Measurement of the persistence length of polymerized actin using fluorescence microscopy},
    author={Ott, A. and Magnasco, M. and Simon, A. and Libchaber, A.},
    journal={Physical Review E},
    volume={48},
    number={3},
    pages={R1642},
    year={1993},
    publisher={APS}
}
@article{higuchi1995,
    title={Compliance of thin filaments in skinned fibers of rabbit skeletal muscle.},
    author={Higuchi, Hideo and Yanagida, Toshio and Goldman, Yale E.},
    journal={Biophysical Journal},
    volume={69},
    number={3},
    pages={1000},
    year={1995},
    publisher={The Biophysical Society}
}
@article{kojima1994,
    title={Direct measurement of stiffness of single actin filaments with and without tropomyosin by in vitro
        nanomanipulation},
    author={Kojima, H. and Ishijima, A. and Yanagida, T.},
    journal={Proceedings of the National Academy of Sciences},
    volume={91},
    number={26},
    pages={12962--12966},
    year={1994},
    publisher={National Acad Sciences}
}
@article{kim2014,
    title={Determinants of contractile forces generated in disorganized actomyosin bundles},
    author={Kim, Taeyoon},
    journal={Biomechanics and modeling in mechanobiology},
    volume={14},
    number={2},
    pages={345--355},
    year={2014},
    publisher={Springer}
}
@article{nedelec2002,
    title={Computer simulations reveal motor properties generating stable antiparallel microtubule interactions},
    author={N{\'e}d{\'e}lec, Fran{\c{c}}ois},
    journal={The Journal of Cell Biology},
    volume={158},
    number={6},
    pages={1005--1015},
    year={2002},
    publisher={Rockefeller Univ Press}
}
@article{nedelec2007,
    title={Collective Langevin dynamics of flexible cytoskeletal fibers},
    author={Nedelec, Francois and Foethke, Dietrich},
    journal={New Journal of Physics},
    volume={9},
    number={11},
    pages={427},
    year={2007},
    publisher={IOP Publishing}
}
@article{frontali1979,
    title={An absolute method for the determination of the persistence length of native DNA from electron
        micrographs},
    author={Frontali, C. and Dore, E. and Ferrauto, A. and Gratton, E. and Bettini, A. and Pozzan, M.R. and Valdevit, E.},
    journal={Biopolymers},
    volume={18},
    number={6},
    pages={1353--1373},
    year={1979},
    publisher={Wiley Online Library}
}
@article{wang2012,
    title={Active contractility in actomyosin networks},
    author={Wang, Shenshen and Wolynes, Peter G.},
    journal={Proceedings of the National Academy of Sciences},
    volume={109},
    number={17},
    pages={6446--6451},
    year={2012},
    publisher={National Acad Sciences}
}
@article{mackintosh2003,
    title={Deformation of cross-linked semiflexible polymer networks},
    author={Head, David A. and Levine, Alex J. and MacKintosh, F.C.},
    journal={Physical Review Letters},
    volume={91},
    number={10},
    pages={108102},
    year={2003},
    publisher={APS}
}
@article{dasanyake2011,
    title={General mechanism of actomyosin contractility},
    author={Dasanayake, Nilushi L. and Michalski, Paul J. and Carlsson, Anders E.},
    journal={Physical Review Letters},
    volume={107},
    number={11},
    pages={118101},
    year={2011},
    publisher={APS}
}
@article{stricker2010,
    title={Mechanics of the F-actin cytoskeleton},
    author={Stricker, Jonathan and Falzone, Tobias and Gardel, Margaret L.},
    journal={Journal of biomechanics},
    volume={43},
    number={1},
    pages={9--14},
    year={2010},
    publisher={Elsevier}
}
@article{murrell2012,
    title={F-actin buckling coordinates contractility and severing in a biomimetic actomyosin cortex},
    author={Murrell, Michael P. and Gardel, Margaret L.},
    journal={Proceedings of the National Academy of Sciences},
    volume={109},
    number={51},
    pages={20820--20825},
    year={2012},
    publisher={National Acad Sciences}
}
@article{huxley1969,
    title={The mechanism of muscular contraction},
    author={Huxley, H.E.},
    journal={Science},
    volume={164},
    number={3886},
    pages={1356--1366},
    year={1969}
}
@article{gordon2012,
    title={Hierarchical self-organization of cytoskeletal active networks},
    author={Gordon, Daniel and Bernheim-Groswasser, Anne and Keasar, Chen and Farago, Oded},
    journal={Physical Biology},
    volume={9},
    number={2},
    pages={026005},
    year={2012},
    publisher={IOP Publishing}
}
@article{murrell2014,
    title={Actomyosin sliding is attenuated in contractile biomimetic cortices},
    author={Murrell, Michael and Gardel, Margaret L.},
    journal={Molecular Biology of the Cell},
    volume={25},
    number={12},
    pages={1845--1853},
    year={2014},
    publisher={Am Soc Cell Biol}
}
@article{marchetti2013,
  title={Hydrodynamics of soft active matter},
  author={Marchetti, M.C. and Joanny, J.F. and Ramaswamy, S. and Liverpool, T.B. and Prost, J. and Rao, Madan and Simha, R
    Aditi},
  journal={Reviews of Modern Physics},
  volume={85},
  number={3},
  pages={1143},
  year={2013},
  publisher={APS}
}
@book{allen,
    title={Computer simulation of liquids},
    author={Allen, Mike P. and Tildesley, Dominic J.},
    year={1989},
    publisher={Oxford university press}
}
@article{leimkuhler2013,
    title={Robust and efficient configurational molecular sampling via Langevin dynamics},
    author={Leimkuhler, Benedict and Matthews, Charles},
    journal={The Journal of Chemical Physics},
    volume={138},
    number={17},
    pages={174102},
    year={2013},
    publisher={AIP Publishing}
}
@article{murrell2015,
    title={Forcing cells into shape: the mechanics of actomyosin contractility},
    author={Murrell, Michael and Oakes, Patrick W. and Lenz, Martin and Gardel, Margaret L.},
    journal={Nature Reviews Molecular Cell Biology},
    volume={16},
    number={8},
    pages={486--498},
    year={2015},
    publisher={Nature Publishing Group}
}
@article{niederman1975,
    title={Human platelet myosin. II. In vitro assembly and structure of myosin filaments.},
    author={Niederman, Richard and Pollard, Thomas D.},
    journal={The Journal of Cell Biology},
    volume={67},
    number={1},
    pages={72--92},
    year={1975},
    publisher={Rockefeller Univ Press}
}
@article{ferrer2008,
    title={Measuring molecular rupture forces between single actin filaments and actin-binding proteins},
    author={Ferrer, Jorge M. and Lee, Hyungsuk and Chen, Jiong and Pelz, Benjamin and Nakamura, Fumihiko and Kamm,
        Roger D. and Lang, Matthew J.},
    journal={Proceedings of the National Academy of Sciences},
    volume={105},
    number={27},
    pages={9221--9226},
    year={2008},
    publisher={National Acad Sciences}
}
@misc{mackintoshTalk,
    author="Mackintosh, F.C.",
    date="2015-11-10",
    howpublished="personal communication"
}
@misc{murrellTalk,
    author="Murrell, M.",
    date="2016-01-14",
    howpublished="personal communication"
}
@article{scholz2016,
  title={Cycling State that Can Lead to Glassy Dynamics in Intracellular Transport},
  author={Scholz, Monika and Burov, Stanislav and Weirich, Kimberly L and Scholz, Bj{\"o}rn J and Tabei, SM Ali and Gardel, Margaret L and Dinner, Aaron R},
  journal={Physical Review X},
  volume={6},
  number={1},
  pages={011037},
  year={2016},
  publisher={APS}
}
@article{kasza2009,
    title={Nonlinear elasticity of stiff biopolymers connected by flexible linkers},
    author={Kasza, KE and Koenderink, GH and Lin, YC and Broedersz, CP and Messner, W and Nakamura, F and Stossel,
        TP and MacKintosh, FC and Weitz, DA},
    journal={Physical Review E},
    volume={79},
    number={4},
    pages={041928},
    year={2009},
    publisher={APS}
}
@article{ennomani2016,
    title={Architecture and Connectivity Govern Actin Network Contractility},
    author={Ennomani, Hajer and Letort, Ga{\"e}lle and Gu{\'e}rin, Christophe and Martiel, Jean-Louis and Cao,
        Wenxiang and N{\'e}d{\'e}lec, Fran{\c{c}}ois and Enrique, M and Th{\'e}ry, Manuel and Blanchoin, Laurent},
    journal={Current Biology},
    volume={26},
    number={5},
    pages={616--626},
    year={2016},
    publisher={Elsevier}
}
@article{umemoto1990,
    title={Characterization of in vitro motility assays using smooth muscle and cytoplasmic myosins.},
    author={Umemoto, Seiji and Sellers, James R},
    journal={Journal of Biological Chemistry},
    volume={265},
    number={25},
    pages={14864--14869},
    year={1990},
    publisher={ASBMB}
}
@article{muller2014,
  title={Rheology of semiflexible bundle networks with transient linkers},
  author={M{\"u}ller, Kei W and Bruinsma, Robijn F and Lieleg, Oliver and Bausch, Andreas R and Wall, Wolfgang A and Levine, Alex J},
  journal={Physical review letters},
  volume={112},
  number={23},
  pages={238102},
  year={2014},
  publisher={APS}
}
@article{didonna2007,
  title={Unfolding cross-linkers as rheology regulators in F-actin networks},
  author={DiDonna, BA and Levine, Alex J},
  journal={Physical Review E},
  volume={75},
  number={4},
  pages={041909},
  year={2007},
  publisher={APS}
}
@article{vieregg2016,
  title={Nucleic Acid-Peptide Complex Phase Controlled by DNA Hybridization},
  author={Vieregg, Jeffrey and Lueckheide, Michael and Leon, Lorraine and Marciel, Amanda and Tirrell, Matthew},
  journal={Bulletin of the American Physical Society},
  year={2016},
  publisher={APS}
}
@article{kim2009b,
  title={Computational analysis of a cross-linked actin-like network},
  author={Kim, Taeyoon and Hwang, W and Kamm, RD},
  journal={Experimental Mechanics},
  volume={49},
  number={1},
  pages={91--104},
  year={2009},
  publisher={Springer}
}
@article{leimkuhler2012,
  title={Rational construction of stochastic numerical methods for molecular sampling},
  author={Leimkuhler, Benedict and Matthews, Charles},
  journal={Applied Mathematics Research eXpress},
  pages={abs010},
  year={2012},
  publisher={Oxford University Press}
}
@article{takiguchi1991,
    title={Heavy meromyosin induces sliding movements between antiparallel actin filaments},
    author={Takiguchi, Kingo},
    journal={Journal of biochemistry},
    volume={109},
    number={4},
    pages={520--527},
    year={1991},
    publisher={Jpn Biochemical Soc}
}
@article{lenz2012,
    title={Contractile units in disordered actomyosin bundles arise from F-actin buckling},
    author={Lenz, Martin and Thoresen, Todd and Gardel, Margaret L and Dinner, Aaron R},
    journal={Physical review letters},
    volume={108},
    number={23},
    pages={238107},
    year={2012},
    publisher={APS}
}
@article{stam2016,
    title={Filament Rigidity and Connectivity Tune the Deformation Modes of Active Cytoskeletal Networks},
    author={Stam, Samantha and Banerjee, Shiladitya and Freedman, Simon and Weirich, Kimberly and Dinner, Aaron R
        and Gardel, Margaret L},
    year={in preparation},
    journal={}
}
@article{guha2005,
    title={Cortical actin turnover during cytokinesis requires myosin II},
    author={Guha, Minakshi and Zhou, Mian and Wang, Yu-li},
    journal={Current biology},
    volume={15},
    number={8},
    pages={732--736},
    year={2005},
    publisher={Elsevier}
}
@article{medeiros2006,
    title={Myosin II functions in actin-bundle turnover in neuronal growth cones},
    author={Medeiros, Nelson A and Burnette, Dylan T and Forscher, Paul},
    journal={Nature cell biology},
    volume={8},
    number={3},
    pages={216--226},
    year={2006},
    publisher={Nature Publishing Group}
}
@article{wilson2010,
    title={Myosin II contributes to cell-scale actin network treadmilling through network disassembly},
    author={Wilson, Cyrus A and Tsuchida, Mark A and Allen, Greg M and Barnhart, Erin L and Applegate, Kathryn T and
        Yam, Patricia T and Ji, Lin and Keren, Kinneret and Danuser, Gaudenz and Theriot, Julie A},
    journal={Nature},
    volume={465},
    number={7296},
    pages={373--377},
    year={2010},
    publisher={Nature Publishing Group}
}
@article{shokef2012,
    title={Scaling laws for the response of nonlinear elastic media with implications for cell mechanics},
    author={Shokef, Yair and Safran, Samuel A},
    journal={Physical review letters},
    volume={108},
    number={17},
    pages={178103},
    year={2012},
    publisher={APS}
}
@article{riveline1998,
    title={Acting on actin: the electric motility assay},
    author={Riveline, Daniel and Ott, Albrecht and J{\"u}licher, Frank and Winkelmann, Donald A and Cardoso, Olivier
        and Lacap{\`e}re, Jean-Jacques and Magn{\'u}sd{\'o}ttir, Soffia and Viovy, Jean-Louis and Gorre-Talini,
        Laurence and Prost, Jacques},
    journal={European biophysics journal},
    volume={27},
    number={4},
    pages={403--408},
    year={1998},
    publisher={Springer}
}
@article{schaller2010,
    title={Polar patterns of driven filaments},
    author={Schaller, Volker and Weber, Christoph and Semmrich, Christine and Frey, Erwin and Bausch, Andreas R},
    journal={Nature},
    volume={467},
    number={7311},
    pages={73--77},
    year={2010},
    publisher={Nature Publishing Group}
}
@article{fraley2005,
    title={Phosphoinositide binding regulates $\alpha$-actinin dynamics mechanism for modulating cytoskeletal
        remodeling},
    author={Fraley, Tamara S and Pereira, Clifford B and Tran, Thuan C and Singleton, CoreyAyne and Greenwood,
        Jeffrey A},
    journal={Journal of Biological Chemistry},
    volume={280},
    number={15},
    pages={15479--15482},
    year={2005},
    publisher={ASBMB}
}
